@inproceedings{felter2015updated,
  title={An updated performance comparison of virtual machines and linux containers},
  author={Felter, Wes and Ferreira, Alexandre and Rajamony, Ram and Rubio, Juan},
  booktitle={Performance Analysis of Systems and Software (ISPASS), 2015 IEEE International Symposium On},
  pages={171--172},
  year={2015},
  organization={IEEE}
}

@inproceedings{slacker,
  title={Slacker: Fast Distribution with Lazy Docker Containers.},
  author={Harter, Tyler and Salmon, Brandon and Liu, Rose and Arpaci-Dusseau, Andrea C and Arpaci-Dusseau, Remzi H},
  booktitle={FAST},
  volume={16},
  pages={181--195},
  year={2016}
}

@article{tang2012gpu,
  title={GPU accelerated convex hull computation},
  author={Tang, Min and Zhao, Jie-Yi and Tong, Ruo-feng and Manocha, Dinesh},
  journal={Computers \& Graphics},
  volume={36},
  number={5},
  pages={498--506},
  year={2012},
  publisher={Elsevier}
}

@article{du2015gpu,
  title={GPU accelerated real-time collision handling in virtual disassembly},
  author={Du, Peng and Zhao, Jie-Yi and Pan, Wan-Bin and Wang, Yi-Gang},
  journal={Journal of Computer Science and Technology},
  volume={30},
  number={3},
  pages={511--518},
  year={2015},
  publisher={Springer}
}

@article{zhao2012mesh,
  title={Mesh segmentation for parallel decompression on GPU},
  author={Zhao, Jieyi and Tang, Min and Tong, Ruofeng},
  journal={Computational Visual Media},
  pages={83--90},
  year={2012},
  publisher={Springer}
}

@inproceedings{nathan2017comicon,
  title={CoMICon: A Co-Operative Management System for Docker Container Images},
  author={Nathan, Senthil and Ghosh, Rahul and Mukherjee, Tridib and Narayanan, Krishnaprasad},
  booktitle={Cloud Engineering (IC2E), 2017 IEEE International Conference on},
  pages={116--126},
  year={2017},
  organization={IEEE}
}

@inproceedings{wang2017seina,
  title={SEINA: A stealthy and effective internal attack in Hadoop systems},
  author={Wang, Jiayin and Wang, Teng and Yang, Zhengyu and Mao, Ying and Mi, Ningfang and Sheng, Bo},
  booktitle={Computing, Networking and Communications (ICNC), 2017 International Conference on},
  pages={525--530},
  year={2017},
  organization={IEEE}
}

@inproceedings{wang2014fresh,
  title={Fresh: Fair and efficient slot configuration and scheduling for hadoop clusters},
  author={Wang, Jiayin and Yao, Yi and Mao, Ying and Sheng, Bo and Mi, Ningfang},
  booktitle={Cloud Computing (CLOUD), 2014 IEEE 7th International Conference on},
  pages={761--768},
  year={2014},
  organization={IEEE}
}

@inproceedings{wang2015omo,
  title={OMO: Optimize MapReduce overlap with a good start (reduce) and a good finish (map)},
  author={Wang, Jiayin and Yao, Yi and Mao, Ying and Sheng, Bo and Mi, Ningfang},
  booktitle={Computing and Communications Conference (IPCCC), 2015 IEEE 34th International Performance},
  pages={1--8},
  year={2015},
  organization={IEEE}
}

@inproceedings{cheng2013qbdj,
  title={QbDJ: A novel framework for handling skew in parallel join processing on distributed memory},
  author={Cheng, Long and Kotoulas, Spyros and Ward, Tomas E and Theodoropoulos, Georgios},
  booktitle={High Performance Computing and Communications \& 2013 IEEE International Conference on Embedded and Ubiquitous Computing (HPCC\_EUC), 2013 IEEE 10th International Conference on},
  pages={1519--1527},
  year={2013},
  organization={IEEE}
}

@inproceedings{cheng2016efficient,
  title={Efficient data redistribution to speedup big data analytics in large systems},
  author={Cheng, Long and Li, Tao},
  booktitle={High Performance Computing (HiPC), 2016 IEEE 23rd International Conference on},
  pages={91--100}
}

@inproceedings{cheng2014efficiently,
  title={Efficiently handling skew in outer joins on distributed systems},
  author={Cheng, Long and Kotoulas, Spyros and Ward, Tomas E and Theodoropoulos, Georgios},
  booktitle={Cluster, Cloud and Grid Computing (CCGrid), 2014 14th IEEE/ACM International Symposium on},
  pages={295--304},
  year={2014},
  organization={IEEE}
}

@inproceedings{cheng2014efficient,
  title={Efficient parallel dictionary encoding for RDF data},
  author={Cheng, Long and Malik, Avinash and Kotoulas, Spyros and Ward, Tomas E and Theodoropoulos, Georgios},
  booktitle={in Proc. 17th Int. Workshop on the Web and Databases},
  year={2014},
  organization={Citeseer}
}

@inproceedings{kaewkasi2017improvement,
  title={Improvement of container scheduling for Docker using Ant Colony Optimization},
  author={Kaewkasi, Chanwit and Chuenmuneewong, Kornrathak},
  booktitle={Knowledge and Smart Technology (KST), 2017 9th International Conference on},
  pages={254--259},
  year={2017},
  organization={IEEE}
}

@INPROCEEDINGS{edos, 
author={H. H. Harvey and Y. Mao and Y. Hou and B. Sheng}, 
booktitle={2017 26th International Conference on Computer Communication and Networks (ICCCN)}, 
title={EDOS: Edge Assisted Offloading System for Mobile Devices}, 
year={2017}, 
volume={}, 
number={}, }


@inproceedings{bhimani2017,
  title={Accelerating Big Data Applications Using Lightweight Virtualization Framework on Enterprise Cloud},
  author={Bhimani, Janki and Yang, Zhengyu and Leeser, Miriam and Mi, Ningfang}
}

@inproceedings{bhimani2016,
  title={Understanding performance of i/o intensive containerized applications for nvme ssds},
  author={Bhimani, Janki and Yang, Jingpei and Yang, Zhengyu and Mi, Ningfang and Xu, Qiumin and Awasthi, Manu and Pandurangan, Rajinikanth and Balakrishnan, Vijay},
  booktitle={Performance Computing and Communications Conference (IPCCC), 2016 IEEE 35th International},
  pages={1--8},
  year={2016},
  organization={IEEE}
}


@inproceedings{scope,
  title={SCoPe: A Decision System for Large Scale Container Provisioning Management},
  author={Hegde, Aditya and Ghosh, Rahul and Mukherjee, Tridib and Sharma, Varun},
  booktitle={Cloud Computing (CLOUD), 2016 IEEE 9th International Conference on},
  pages={220--227},
  year={2016},
  organization={IEEE}
}

@inproceedings{wang2015benefit,
  title={Benefit of construct information security environment based on lightweight virtualization technology},
  author={Wang, Jen-Chieh and Cheng, Wei-Fun and Chen, Han-Chiang and Chien, Hung-Li},
  booktitle={Security Technology (ICCST), 2015 International Carnahan Conference on},
  pages={1--4},
  year={2015},
  organization={IEEE}
}

@inproceedings{chung2016provision,
  title={Provision of docker and infiniband in high performance computing},
  author={Chung, Minh Thanh and Le, An and Quang-Hung, Nguyen and Nguyen, Duc-Dung and Thoai, Nam},
  booktitle={Advanced Computing and Applications (ACOMP), 2016 International Conference on},
  pages={127--134},
  year={2016},
  organization={IEEE}
}

@inproceedings{chung2016using,
  title={Using docker in high performance computing applications},
  author={Chung, Minh Thanh and Quang-Hung, Nguyen and Nguyen, Manh-Thin and Thoai, Nam},
  booktitle={Communications and Electronics (ICCE), 2016 IEEE Sixth International Conference on},
  pages={52--57},
  year={2016},
  organization={IEEE}
}

@article{pahl2015containerization,
  title={Containerization and the paas cloud},
  author={Pahl, Claus},
  journal={IEEE Cloud Computing},
  volume={2},
  number={3},
  pages={24--31},
  year={2015},
  publisher={IEEE}
}

@inproceedings{belyaev2016component,
  title={Component-Oriented Access Control for Deployment of Application Services in Containerized Environments},
  author={Belyaev, Kirill and Ray, Indrakshi},
  booktitle={International Conference on Cryptology and Network Security},
  pages={383--399},
  year={2016},
  organization={Springer}
}

@inproceedings{saez2015dynamic,
  title={Dynamic tailoring and cloud-based deployment of containerized service middleware},
  author={S{\'a}ez, Santiago G{\'o}mez and Andrikopoulos, Vasilios and S{\'a}nchez, Roberto Jim{\'e}nez and Leymann, Frank and Wettinger, Johannes},
  booktitle={Cloud Computing (CLOUD), 2015 IEEE 8th International Conference on},
  pages={349--356},
  year={2015},
  organization={IEEE}
}


@inproceedings{Im:2015:TBO,
 author = {Im, Sungjin and Kell, Nathaniel and Kulkarni, Janardhan and Panigrahi, Debmalya},
 title = {Tight Bounds for Online Vector Scheduling},
 booktitle = {Proceedings of the 2015 IEEE 56th Annual Symposium on Foundations of Computer Science (FOCS)},
 series = {FOCS '15},
}

@Inbook{Meyerson:2013:OMLB,
author="Meyerson, Adam
and Roytman, Alan
and Tagiku, Brian",
editor="Raghavendra, Prasad
and Raskhodnikova, Sofya
and Jansen, Klaus
and Rolim, Jos{\'e} D. P.",
title="Online Multidimensional Load Balancing",
bookTitle="Approximation, Randomization, and Combinatorial Optimization. Algorithms and Techniques: 16th International Workshop, APPROX 2013, and 17th International Workshop, RANDOM 2013, Berkeley, CA, USA, August 21-23, 2013. Proceedings",
year="2013",
address="Berlin, Heidelberg",
pages="287--302",
}

@INPROCEEDINGS{Bansal:2006:IAA,
author={N. Bansal and A. Caprara and M. Sviridenko},
booktitle={2006 47th Annual IEEE Symposium on Foundations of Computer Science (FOCS'06)},
title={Improved approximation algorithms for multidimensional bin packing problems},
year={2006},
pages={697-708},
month={Oct},}



@misc{explosion,
title={Info Explosion},
howpublished ="{\url{https://en.wikipedia.org/wiki/Information_explosion}}",
}

@misc{cloudlab,
title={NSF Cloudlab},
howpublished ="{\url{https://cloudlab.us/}}",
}

@inproceedings{gog2016firmament,
  title={Firmament: Fast, centralized cluster scheduling at scale},
  author={Gog, IC and Schwarzkopf, Malte and Gleave, Adam and Watson, Robert NM and Hand, Steven},
  year={2016},
  organization={Usenix}
}

@article{bernstein2014containers,
  title={Containers and cloud: From lxc to docker to kubernetes},
  author={Bernstein, David},
  journal={IEEE Cloud Computing},
  volume={1},
  number={3},
  pages={81--84},
  year={2014},
  publisher={IEEE}
}

@misc{aliyun,
title={Alibaba Cloud},
howpublished ="{\url{https://www.alibabacloud.com/}}",
}

@misc{dockerhub,
title={Docker Hub},
howpublished ="{\url{https://hub.docker.com/}}",
}

@misc{swarmkit,
title={Docker Swarmkit},
howpublished ="{\url{https://github.com/docker/swarmkit}}",
}

@misc{kubernetes,
title={Google kubernetes},
howpublished ="{\url{https://kubernetes.io/}}",
}



@misc{vm,
title={Virtual Machine},
howpublished ="{\url{https://en.wikipedia.org/wiki/Information_explosion}}",
}

@misc{aws,
title={Amazon Web Service},
howpublished ="{\url{https://aws.amazon.com/}}",
}

@misc{azure,
title={Microsoft Azure},
howpublished ="{\url{https://azure.microsoft.com/en-us/}}",
}

@misc{virtualization,
title={Virtualization},
howpublished ="{\url{https://en.wikipedia.org/wiki/Virtualization}}",
}

@article{medina2014survey,
  title={A survey of migration mechanisms of virtual machines},
  author={Medina, Violeta and Garc{\'\i}a, Juan Manuel},
  journal={ACM Computing Surveys (CSUR)},
  volume={46},
  number={3},
  pages={30},
  year={2014},
  publisher={ACM}
}

@article{xu2014managing,
  title={Managing performance overhead of virtual machines in cloud computing: A survey, state of the art, and future directions},
  author={Xu, Fei and Liu, Fangming and Jin, Hai and Vasilakos, Athanasios V},
  journal={Proceedings of the IEEE},
  volume={102},
  number={1},
  pages={11--31},
  year={2014},
  publisher={IEEE}
}

@article{jithin2014virtual,
  title={Virtual machine isolation},
  author={Jithin, R and Chandran, Priya},
  journal={Communications in Computer and Information Science},
  volume={420},
  pages={91--102},
  year={2014},
  publisher={Springer}
}

@inproceedings{men2012interface,
  title={Interface for performance environment autoconfiguration framework},
  author={Men, Liang and Hadri, Bilel and You, Haihang},
  booktitle={High Performance Computing, Networking, Storage and Analysis (SCC), 2012 SC Companion:},
  pages={1356--1356},
  year={2012},
  organization={IEEE}
}

@inproceedings{secpod,
  title={SecPod: a framework for virtualization-based security systems},
  author={Wang, Xiaoguang and Chen, Yue and Wang, Zhi and Qi, Yong and Zhou, Yajin},
  booktitle={Proceedings of the 2015 USENIX Annual Technical Conference},
  pages={347--360},
  year={2015}
}

